<record><leader>00000cas a22000007a 4500</leader><controlfield tag="001">19284482</controlfield><controlfield tag="008">890301d19701989moudn ne      0    0eng d</controlfield><controlfield tag="009">9538</controlfield><datafield ind1=" " ind2=" " tag="010"><subfield code="a">sn 89066036 </subfield></datafield><datafield ind1=" " ind2=" " tag="040"><subfield code="a">MQN</subfield><subfield code="b">eng</subfield><subfield code="c">MQN</subfield><subfield code="d">NSD</subfield><subfield code="d">DLC</subfield><subfield code="d">MQN</subfield><subfield code="d">OCLCQ</subfield></datafield><datafield ind1=" " ind2=" " tag="042"><subfield code="a">msc</subfield></datafield><datafield ind1="0" ind2=" " tag="130"><subfield code="a">Daily forum (Maryville, Mo.)</subfield></datafield><datafield ind1="0" ind2="0" tag="245"><subfield code="a">Daily forum.</subfield></datafield><datafield ind1=" " ind2=" " tag="260"><subfield code="a">Maryville, Mo. :</subfield><subfield code="b">Forum Pub. Co.,</subfield><subfield code="c">1970-1989.</subfield></datafield><datafield ind1=" " ind2=" " tag="300"><subfield code="a">v.</subfield></datafield><datafield ind1=" " ind2=" " tag="310"><subfield code="a">Daily (except Sun. &amp; holidays)</subfield></datafield><datafield ind1="0" ind2=" " tag="362"><subfield code="a">Vol. 60, no. 227 (Mar. 2, 1970)-v. 79, no. 203 (Jan. 28, 1989).</subfield></datafield><datafield ind1=" " ind2="4" tag="651"><subfield code="a">Maryville (Mo.)</subfield><subfield code="v">Newspapers.</subfield></datafield><datafield ind1=" " ind2=" " tag="752"><subfield code="a">United States</subfield><subfield code="b">Missouri</subfield><subfield code="c">Nodaway</subfield><subfield code="d">Maryville.</subfield></datafield><datafield ind1="0" ind2="0" tag="780"><subfield code="t">Maryville daily forum (Maryville, Mo. : 1929)</subfield><subfield code="w">(DLC)sn 89066025</subfield></datafield><datafield ind1="0" ind2="0" tag="785"><subfield code="t">Maryville daily forum (Maryville, Mo. : 1991)</subfield><subfield code="x">1058-0743</subfield><subfield code="w">(DLC)sn 91001501</subfield></datafield></record>